<?xml version="1.0" encoding="UTF-8"?><record xmlns="http://www.loc.gov/MARC21/slim" xmlns:cinclude="http://apache.org/cocoon/include/1.0" xmlns:zs="http://www.loc.gov/zing/srw/">
  <leader>00452nz  a2200133n  4500</leader>
  <controlfield tag="001">n  95003927 </controlfield>
  <controlfield tag="003">DLC</controlfield>
  <controlfield tag="005">19950112165300.2</controlfield>
  <controlfield tag="008">950112n| acannaab|          |a aaa |||  </controlfield>
  <datafield tag="010" ind1=" " ind2=" ">
    <subfield code="a">n  95003927 </subfield>
  </datafield>
  <datafield tag="040" ind1=" " ind2=" ">
    <subfield code="a">DLC</subfield>
    <subfield code="c">DLC</subfield>
  </datafield>
  <datafield tag="100" ind1="1" ind2="0">
    <subfield code="a">Shelgunova, M. L.</subfield>
    <subfield code="q">(Marii︠a︡ Lavrentʹevna)</subfield>
  </datafield>
  <datafield tag="400" ind1="1" ind2="0">
    <subfield code="a">Shelgunova, Marii︠a︡ Lavrentʹevna</subfield>
  </datafield>
  <datafield tag="670" ind1=" " ind2=" ">
    <subfield code="a">Flora okrestnosteĭ Znamenskogo, 1992:</subfield>
    <subfield code="b">t.p. (M.L. Shelgunova) colophon (Shelgunova, Marii︠a︡ Lavrentʹevna)</subfield>
  </datafield>
</record>